@article{CherenkovHistory,
Author = {A A Watson},
Title = {The Discovery of Cherenkov Radiation and its use in the detection of extensive air showers},
Year = {2011},
Eprint = {arXiv:1101.4535},
Doi = {10.1016/j.nuclphysbps.2011.03.003},
}

@misc{EICWhitePaper,
Author = {A. Accardi et. al.},
Title = {Electron Ion Collider: The Next QCD Frontier - Understanding the glue that binds us all},
Year = {2012},
Eprint = {arXiv:1212.1701},
}

